@article{zhang2015visual,
  author= "Zhang, Ji and Singh, Sanjiv",
  title= "Visual-lidar odometry and mapping: Low-drift, robust, and fast",
  journal = "Robotics and Automation (ICRA), 2015 IEEE International Conference on",
  number = "1",
  pages= "2174--2181",
  year= "2015",
  DOI = "http://www.frc.ri.cmu.edu/~jizhang03/Publications/ICRA_2015.pdf"
}
